% This file was created with JabRef 2.9.2.
% Encoding: utf8

@MISC{github,
  title = {GitHub [Электронный ресурс]},
  howpublished = {Электронные данные},
  note = {Режим доступа: https://github.com/}
}

@MISC{dotnet,
  title = {Dotnet guide [Электронный ресурс]},
  howpublished = {Электронные данные},
  note = {Режим доступа: https://learn.microsoft.com/en-us/dotnet/csharp/}
}

@MISC{asp,
  title = {ASP.NET Core [Электронный ресурс]},
  howpublished = {Электронные данные},
  note = {Режим доступа: https://dotnet.microsoft.com/en-us/apps/aspnet}
}

@MISC{entity,
  title = {EF Core Overview [Электронный ресурс]},
  howpublished = {Электронные данные},
  note = {Режим доступа: https://learn.microsoft.com/en-us/ef/core/}
}

@MISC{signalr,
  title = {SignalR | Microsoft Learn [Электронный ресурс]},
  howpublished = {Электронные данные},
  note = {Режим доступа: https://learn.microsoft.com/en-us/aspnet/signalr/}
}